@article{10.2307/2005828,
 ISSN = {00255718, 10886842},
 URL = {http://www.jstor.org/stable/2005828},
 abstract = {The fast matrix multiplication algorithm by Strassen is used to obtain the triangular factorization of a permutation of any nonsingular matrix of order $n$ in $< C_1n^{\log_27}$ operations, and, hence, the invese of any nonsingular matrix in $< C_2n^{|log_2 7}$ operations.},
 author = {James R. Bunch and John E. Hopcroft},
 journal = {Mathematics of Computation},
 number = {125},
 pages = {231-236},
 publisher = {American Mathematical Society},
 title = {Triangular Factorization and Inversion by Fast Matrix Multiplication},
 volume = {28},
 year = {1974}
}

@book{aitken2016determinants,
  title={Determinants and matrices},
  author={Aitken, Alexander Craig},
  year={2016},
  publisher={Read Books Ltd}
}

@book{hohn2013elementary,
  title={Elementary matrix algebra},
  author={Hohn, Franz E},
  year={2013},
  publisher={Courier Corporation}
}

@book{higham2002accuracy,
  title={Accuracy and stability of numerical algorithms},
  author={Higham, Nicholas J},
  volume={80},
  year={2002},
  publisher={Siam}
}

@book{kincaid2002numerical,
  title={Numerical analysis: mathematics of scientific computing},
  author={Kincaid, David Ronald and Cheney, Elliott Ward},
  volume={2},
  year={2002},
  publisher={American Mathematical Soc.}
}